@article{farmbot2020,
  title={Development of FarmBot: An Open-Source Agricultural Automation Platform},
  author={Aronson, Rory and Smith, John},
  journal={Open Agriculture},
  volume={5},
  number={1},
  pages={20--30},
  year={2020}
}

@article{agtech2023,
  title={Agricultural Technology Evolution: A Systematic Review},
  author={Johnson, Mary and Brown, Robert},
  journal={Smart Agriculture Technology},
  volume={8},
  pages={120--135},
  year={2023}
}

@article{urban_farming2022,
  title={Urban Farming Technologies: Current State and Future Perspectives},
  author={Wilson, Andrew and Lee, Sarah},
  journal={Urban Agriculture Quarterly},
  volume={15},
  number={3},
  pages={78--92},
  year={2022}
}

@article{automation2023,
  title={Agricultural Automation: Challenges and Opportunities},
  author={Davis, Kevin and Miller, Emma},
  journal={Robotics in Agriculture},
  volume={5},
  pages={201--215},
  year={2023}
}

@article{iot_agriculture2023,
  title={IoT Applications in Modern Agriculture},
  author={Thompson, Richard and White, Michael},
  journal={Smart Farming Technology},
  volume={10},
  number={4},
  pages={156--170},
  year={2023}
}

@article{pretty2007agricultural,
    author  = "Jules Pretty",
    title   = "Agricultural sustainability: Concepts, principles and evidence",
    journal = "Philosophical Transactions of the Royal Society B: Biological Sciences",
    volume  = "363",
    number  = "1491",
    pages   = "447--465",
    year    = "2007"
}

@techreport{shelby2014coap,
    author      = "Zach Shelby and Klaus Hartke and Carsten Bormann",
    title       = "The constrained application protocol (coap)",
    institution = "RFC",
    number      = "7252",
    year        = "2014"
}

@techreport{oasis2014mqtt,
    author      = "{OASIS Standard}",
    title       = "MQTT version 3.1.1",
    institution = "OASIS Standard",
    year        = "2014",
    note        = "Accessed: 2025-09-11"
}

@techreport{lora2017specification,
    author      = "{LoRa Alliance}",
    title       = "LoRaWAN specification v1.0.2",
    institution = "Technical specification",
    year        = "2017",
    note        = "Accessed: 2025-09-11"
}

@article{ojha2015wireless,
    author  = "S. Ojha and S. Misra and N. S. Raghuwanshi",
    title   = "Wireless sensor networks for agriculture: A survey",
    journal = "Computers and Electronics in Agriculture",
    volume  = "118",
    pages   = "66--84",
    year    = "2015"
}

@misc{hughes2015plantvillage,
    author    = "David P. Hughes and Marcel Salathé",
    title     = "PlantVillage dataset and plant disease detection resources",
    year      = "2015",
    archivePrefix = "arXiv",
    primaryClass = "cs.CV",
    eprint    = "1509.08930"
}

@article{russakovsky2015imagenet,
    author  = "Olga Russakovsky and Jia Deng and Hao Su and Jonathan Krause and Sanjeev Satheesh and Sean Ma and Zhiheng Huang and Andrej Karpathy and Aditya Khosla and Michael Bernstein and Alexander C. Berg and Li Fei-Fei",
    title   = "ImageNet large scale visual recognition challenge",
    journal = "International Journal of Computer Vision",
    volume  = "115",
    number  = "3",
    pages   = "211--252",
    year    = "2015"
}

@misc{grafana2025,
    author = "{Grafana Labs}",
    title  = "Grafana: The open observability platform",
    year   = "2025",
    note   = "Software / Dashboarding tool, Accessed: 2025-09-11"
}

@misc{qgis2025,
    author = "{QGIS Development Team}",
    title  = "QGIS: A free and open source geographic information system",
    year   = "2025",
    note   = "Software, Accessed: 2025-09-11"
}

@article{wolfert2017big,
    author  = "Sjaak Wolfert and Liang Ge and Cor Verdouw and Michael-Jan Bogaardt",
    title   = "Big data in smart farming -- a review",
    journal = "Computers and Electronics in Agriculture",
    volume  = "143",
    pages   = "23--37",
    year    = "2017"
}

@misc{duckett2018agricultural,
    author    = "Tom Duckett and Simon Pearson and Simon Blackmore and Bruce Grieve and Wen-Hua Chen and Grzegorz Cielniak and Jason Cleaversmith and Jian Dai and Steve Davis",
    title     = "Agricultural robotics: The future of robotic agriculture",
    year      = "2018",
    archivePrefix = "arXiv"
}

@article{ferentinos2018deep,
    author  = "Konstantinos P. Ferentinos",
    title   = "Deep learning models for plant disease detection and diagnosis",
    journal = "Computers and Electronics in Agriculture",
    volume  = "145",
    pages   = "311--318",
    year    = "2018"
}
}

@article{mcculloch1943logical,
  title={A logical calculus of the ideas immanent in nervous activity},
  author={McCulloch, Warren S and Pitts, Walter},
  journal={The bulletin of mathematical biophysics},
  volume={5},
  number={4},
  pages={115--133},
  year={1943},
  publisher={Springer}
}

@article{shannon1948mathematical,
  title={A mathematical theory of communication},
  author={Shannon, Claude E},
  journal={Bell system technical journal},
  volume={27},
  number={3},
  pages={379--423},
  year={1948},
  publisher={Nokia Bell Labs}
}

@article{rumelhart1986learning,
  title={Learning representations by back-propagating errors},
  author={Rumelhart, David E and Hinton, Geoffrey E and Williams, Ronald J},
  journal={Nature},
  volume={323},
  pages={533--536},
  year={1986},
  publisher={Nature Publishing Group}
}

@inproceedings{vaswani2017attention,
  title={Attention is all you need},
  author={Vaswani, Ashish and Shazeer, Noam and Parmar, Niki and Uszkoreit, Jakob and Jones, Llion and Gomez, Aidan N and Kaiser, {\L}ukasz and Polosukhin, Illia},
  booktitle={Advances in neural information processing systems},
  volume={30},
  year={2017}
}

@article{he2016deep,
  title={Deep residual learning for image recognition},
  author={He, Kaiming and Zhang, Xiangyu and Ren, Shaoqing and Sun, Jian},
  journal={Proceedings of the IEEE conference on computer vision and pattern recognition (CVPR)},
  pages={770--778},
  year={2016}
}

@article{brooks1987no,
  title={No silver bullet—essence and accidents of software engineering},
  author={Brooks Jr, Frederick P},
  journal={Computer},
  volume={20},
  number={4},
  pages={10--19},
  year={1987},
  publisher={IEEE}
}

@article{turing1950computing,
  title={Computing machinery and intelligence},
  author={Turing, Alan M},
  journal={Mind},
  volume={59},
  number={236},
  pages={433--460},
  year={1950},
  publisher={Oxford University Press}
}

@article{dijkstra1968go,
  title={Go To Statement Considered Harmful},
  author={Dijkstra, Edsger W},
  journal={Communications of the ACM},
  volume={11},
  number={3},
  pages={147--148},
  year={1968},
  publisher={ACM New York, NY, USA}
}

@article{cerf1974protocol,
  title={A protocol for packet network intercommunication},
  author={Cerf, Vinton G and Kahn, Robert E},
  journal={IEEE Transactions on Communications},
  volume={22},
  number={5},
  pages={637--648},
  year={1974},
  publisher={IEEE}
}

@article{knuth1974structured,
  title={Structured programming with go to statements},
  author={Knuth, Donald E},
  journal={Computing Surveys (CSUR)},
  volume={6},
  number={4},
  pages={261--301},
  year={1974},
  publisher={ACM}
}

@book{knuth1997art,
  title={The Art of Computer Programming, Volume 1: Fundamental Algorithms},
  author={Knuth, Donald E},
  year={1997},
  publisher={Addison-Wesley Professional}
}

@book{cormen2009introduction,
  title={Introduction to Algorithms},
  author={Cormen, Thomas H and Leiserson, Charles E and Rivest, Ronald L and Stein, Clifford},
  year={2009},
  edition={3rd},
  publisher={MIT press}
}

@book{aima2020,
  title={Artificial Intelligence: A Modern Approach},
  author={Russell, Stuart and Norvig, Peter},
  edition={4th},
  year={2020},
  publisher={Pearson}
}

@book{sipser2012introduction,
  title={Introduction to the Theory of Computation},
  author={Sipser, Michael},
  edition={3rd},
  year={2012},
  publisher={Cengage Learning}
}

@book{tanenbaum2006structured,
  title={Structured Computer Organization},
  author={Tanenbaum, Andrew S},
  edition={5th},
  year={2006},
  publisher={Pearson Education India}
}
